
@inproceedings{bjerknes_analysis_2007,
	title = {An analysis of emergent taxis in a wireless connected swarm of mobile robots},
	urldate = {2015-01-17},
	booktitle = {Swarm Intelligence Symposium, 2007. {SIS} 2007. {IEEE}},
	publisher = {{IEEE}},
	author = {Bjerknes, Jan Dyre and Winfield, Alan FT and Melhuish, Chris},
	year = {2007},
	pages = {45--52}
}